% ---------------------------------------------
%
% COMPUTER THEORY BASIC RESOURCES
%
% ---------------------------------------------

@unpublished{
	DIJKSTRA:1970,
	author = "Edsger W. Dijkstra",
	title = "Notes on {S}tructured {P}rogramming",
	month = apr,
	year = "1970",
	note = "circulated privately",
	url = {http://www.cs.utexas.edu/users/EWD/ewd02xx/EWD249.PDF},
	fileSize = {2054 KB}
}

@book{
	MENDELSON:1997,
	title={Introduction to Mathematical Logic, Fourth Edition},
	author={Mendelson, E.},
	isbn={9780412808302},
	lccn={86011084},
	series={Discrete Mathematics and Its Applications},
	url={http://books.google.com.br/books?id=ZO1p4QGspoYC},
	year={1997},
	publisher={Taylor \& Francis}
}

@article{
	CLARKE:1996,
	author = {Clarke, Edmund M. and Wing, Jeannette M.},
	title = {Formal Methods: State of the Art and Future Directions},
	journal = {ACM Comput. Surv.},
	issue_date = {Dec. 1996},
	volume = {28},
	number = {4},
	month = dec,
	year = {1996},
	issn = {0360-0300},
	pages = {626--643},
	numpages = {18},
	url = {http://doi.acm.org/10.1145/242223.242257},
	doi = {10.1145/242223.242257},
	acmid = {242257},
	publisher = {ACM},
	address = {New York, NY, USA},
}

@book{
	LEWIS:1997,
	author = {Lewis, Harry R. and Papadimitriou, Christos H.},
	title = {Elements of the Theory of Computation},
	year = {1997},
	isbn = {0132624788},
	edition = {2nd},
	publisher = {Prentice Hall PTR},
	address = {Upper Saddle River, NJ, USA},
}

@book{
	HOPCROFT:2000,
	author = {Hopcroft, John E. and Motwani, Rajeev and Rotwani and Ullman, Jeffrey D.},
	title = {Introduction to Automata Theory, Languages and Computability},
	year = {2000},
	isbn = {0201441241},
	edition = {2nd},
	publisher = {Addison-Wesley Longman Publishing Co., Inc.},
	address = {Boston, MA, USA},
}

@book{
	BOOLOS:2007,
	title={Computability and Logic},
	author={Boolos, G.S. and Burgess, J.P. and Jeffrey, R.C.},
	isbn={9780521877527},
	lccn={2007014225},
	url={http://books.google.com.br/books?id=kKPA1DF-g44C},
	year={2007},
	publisher={Cambridge University Press}
}

% ---------------------------------------------
%
% COMPUTER THEORY SPECIALIZED RESOURCES
%
% ---------------------------------------------

@InCollection{
	ODIFREDDI:2012,
	author       =	{Odifreddi, Piergiorgio and Cooper, S. Barry},
	title        =	{Recursive Functions},
	booktitle    =	{The Stanford Encyclopedia of Philosophy},
	editor       =	{Edward N. Zalta},
	howpublished =	{\url{http://plato.stanford.edu/archives/fall2012/entries/recursive-functions/}},
	year         =	{2012},
	edition      =	{Fall 2012},
}

@book{
	PEANO:1889,
	title={Arithmetices principia: nova methodo exposita},
	author={Peano, Giuseppe},
	url={https://archive.org/details/arithmeticespri00peangoog},
	year={1889},
	urldate={2015-03-27},
	publisher={Fratres Bocca}
}

@techreport{
	RUSHBY:1993,
	AUTHOR = {John Rushby},
	TITLE = {Formal Methods and the Certification of Critical Systems},
	INSTITUTION = {Computer Science Laboratory, SRI International},
	YEAR = 1993,
	NUMBER = {SRI-CSL-93-7},
	ADDRESS = {Menlo Park, CA},
	NOTE = {Also issued under the title {\em Formal Methods and Digital
		Systems Validation for Airborne Systems\/} as NASA Contractor
		Report 4551, December 1993},
	MONTH = dec
}

@standard{
    ISO14977:1996,
    author = {ISO14977},
    abstract = {Defines a notation, Extended BNF, for specifying the syntax of a linear sequence of symbols. It defines both the logical structure of the notation and its graphical representation.},
    added-at = {2011-01-31T17:20:03.000+0100},
    biburl = {http://www.bibsonomy.org/bibtex/2b7af2a721ce66ef9b4a7ded5e9823b43/voj},
    editor = {{International Organization for Standardization}},
    interhash = {30164f61afb5d404f2eb3a7f86297e6d},
    intrahash = {b7af2a721ce66ef9b4a7ded5e9823b43},
    keywords = {BNF EBNF},
    timestamp = {2013-01-06T10:11:11.000+0100},
    title = {ISO/IEC 14977:1996 Information Technology - Syntactic Metalanguage - Extended BNF},
    year = 1996
}

@misc{EDWARDS:2002,
    title = {Arithmetic Operations on Binary Numbers},
    author = {Edwards, Philip},
    year = {2002},
    howpublished = {www.doc.ic.ac.uk/~eedwards/compsys/arithmetic},
    note = {Accessed: 2017-05-14},
}

@misc{WRIGHT:1997,
    title = {The Binary System},
    author = {Wright, Christine R. and Rebelsky, Samuel A.},
		year = {1997},
    howpublished = {www.math.grin.edu/~rebelsky/Courses/152/97F/Readings/student-binary},
    note = {Accessed: 2017-05-14},
}

@misc{ELECTRONICSTUTORIALS,
    title = {Binary to Decimal Conversion},
    author = {Electronics Tutorials},
    howpublished = {www.electronics-tutorials.ws/binary/bin_2.html},
    note = {Accessed: 2017-05-14},
}

% ---------------------------------------------
%
% LOGIC BASIC RESOURCES
%
% ---------------------------------------------

@book{
	HUTH:2004,
	author = {Huth, Michael and Ryan, Mark},
	title = {Logic in Computer Science: Modelling and Reasoning About Systems},
	year = {2004},
	isbn = {052154310X},
	publisher = {Cambridge University Press},
	address = {New York, NY, USA},
}

@Inbook{BLAIR:2015,
	author="Anthony Blair, J.",
	editor="van Eemeren, Frans H.
	and Garssen, Bart",
	title="What Is Informal Logic?",
	bookTitle="Reflections on Theoretical Issues in Argumentation Theory",
	year="2015",
	publisher="Springer International Publishing",
	address="Cham",
	pages="27--42",
}

% ---------------------------------------------
%
% COMPILERS BASIC RESOURCES
%
% ---------------------------------------------

@book{AHO:2006,
  author = {Aho, Alfred V. and Lam, Monica S. and Sethi, Ravi and Ullman, Jeffrey D.},
  isbn = {0321486811},
  publisher = {{Addison Wesley}},
  title = {Compilers: Principles, Techniques, and Tools (2nd Edition)},
  year = 2006
}

% ---------------------------------------------
%
% SOFTWARE ENGINEERING BASIC RESOURCES
%
% ---------------------------------------------

@book{
	GAMMA:1995,
	author = {Gamma, Erich and Helm, Richard and Johnson, Ralph and Vlissides, John},
	title = {Design Patterns: Elements of Reusable Object-oriented Software},
	year = {1995},
	publisher = {Addison-Wesley Longman Publishing Co., Inc.},
	address = {Boston, MA, USA}
}

@book{
    HORSTMANN:2006,
    title={Object-oriented design and patterns},
    author={Horstmann, C.S.},
    isbn={9780471744870},
    lccn={2005298583},
    url={https://books.google.com.br/books?id=GQklAQAAIAAJ},
    year={2006},
    publisher={Wiley}
}

@book{
	SOMMERVILLE:2011,
	author = {Sommerville, I.},
	numpages={792},
	publisher={Pearson/Addison--Wesley},
	title = {{Software Engineering}},
	year={2011}
}

@article{
    ROSS:1975,
    author = {Ross, D. T. and Goodenough, J. B. and Irvine, C. A.},
    title = {Software Engineering: Process, Principles, and Goals},
    journal = {Computer},
    issue_date = {May 1975},
    volume = {8},
    number = {5},
    month = may,
    year = {1975},
    issn = {0018-9162},
    pages = {17--27},
    numpages = {11},
    url = {http://dx.doi.org/10.1109/C-M.1975.218952},
    doi = {10.1109/C-M.1975.218952},
    acmid = {1301463},
    publisher = {IEEE Computer Society Press},
    address = {Los Alamitos, CA, USA},
}

% ---------------------------------------------
%
% SOFTWARE ENGINEERING SPECIALIZED RESOURCES
%
% ---------------------------------------------

@book{
    LYU:1996,
    editor = {Lyu, Michael R.},
    title = {Handbook of Software Reliability Engineering},
    year = {1996},
    isbn = {0-07-039400-8},
    publisher = {McGraw-Hill, Inc.},
    address = {Hightstown, NJ, USA},
}

@article{
    MUSA:1979,
    title = "Software reliability measurement",
    journal = "Journal of Systems and Software",
    volume = "1",
    number = "",
    pages = "223 - 241",
    year = "1979",
    note = "",
    issn = "0164-1212",
    doi = "http://dx.doi.org/10.1016/0164-1212(79)90023-2",
    url = "http://www.sciencedirect.com/science/article/pii/0164121279900232",
    author = "John D. Musa",
}

@article{
    REUSSNER:2003,
    title = "Reliability prediction for component-based software architectures ",
    journal = "Journal of Systems and Software ",
    volume = "66",
    number = "3",
    pages = "241 - 252",
    year = "2003",
    note = "Software architecture -- Engineering quality attributes ",
    issn = "0164-1212",
    doi = "http://dx.doi.org/10.1016/S0164-1212(02)00080-8",
    url = "http://www.sciencedirect.com/science/article/pii/S0164121202000808",
    author = "Ralf H. Reussner and Heinz W. Schmidt and Iman H. Poernomo",
    keywords = "Reliability",
    keywords = "Availability",
    keywords = "Component-based software",
    keywords = "Software architecture "
}

% ---------------------------------------------
%
% SOFTWARE ARCHITECTURE BASIC RESOURCES
%
% ---------------------------------------------

@book{
	BASS:2012,
	author = {Bass, Len and Clements, Paul and Kazman, Rick},
	title = {Software Architecture in Practice},
	year = {2012},
	isbn = {0321815734, 9780321815736},
	edition = {3rd},
	publisher = {Addison-Wesley Professional},
}

@book{
    BUSCHMANN:1996,
    address = {Chichester, UK},
    author = {Buschmann, Frank and Meunier, Regine and Rohnert, Hans and Sommerlad, Peter and Stal, Michael},
    isbn = {978-0-471-95869-7},
    publisher = {Wiley},
    title = {Pattern-Oriented Software Architecture, Volume 1: A System of Patterns},
    year = 1996
}

@book{
    SCHMIDT:2000,
    author = {Schmidt, Douglas C. and Stal, Michael and Rohnert, Hans and Buschmann, Frank},
    title = {Pattern-Oriented Software Architecture: Patterns for Concurrent and Networked Objects},
    year = {2000},
    isbn = {0471606952, 9780471606956},
    edition = {2nd},
    publisher = {John Wiley \& Sons, Inc.},
    address = {New York, NY, USA},
}

@book{FOWLER:2002,
	author = {Fowler, Martin},
	title = {Patterns of Enterprise Application Architecture},
	year = {2002},
	isbn = {0321127420},
	publisher = {Addison-Wesley Longman Publishing Co., Inc.},
	address = {Boston, MA, USA},
}

@book{
    HOFMEISTER:2009,
    author = {Hofmeister, Christine and Nord, Robert and Soni, Dilip},
    title = {Applied Software Architecture},
    year = {2009},
    isbn = {9780321643346},
    edition = {1st},
    publisher = {Addison-Wesley Professional},
}

@book{
    RECHTIN:1990,
    author = {Rechtin, Eberhardt},
    title = {Systems Architecting: Creating \& Building Complex Systems},
    year = {1990},
    isbn = {9780138803452},
    edition = {1st},
    publisher = {Prentice Hall},
}

@book{
    TAYLOR:2009,
    author = {Taylor, R. N. and Medvidovic, N. and Dashofy, E. M.},
    title = {Software Architecture: Foundations, Theory, and Practice},
    year = {2009},
    isbn = {0470167742, 9780470167748},
    publisher = {Wiley Publishing},
}

@Inbook{
    BATORY:2004,
    author="Batory, Don",
    editor="Lengauer, Christian
    and Batory, Don
    and Consel, Charles
    and Odersky, Martin",
    title="The Road to Utopia: A Future for Generative Programming",
    bookTitle="Domain-Specific Program Generation: International Seminar, Dagstuhl Castle, Germany, March 23-28, 2003. Revised Papers",
    year="2004",
    publisher="Springer Berlin Heidelberg",
    address="Berlin, Heidelberg",
    pages="1--18",
    isbn="978-3-540-25935-0",
    doi="10.1007/978-3-540-25935-0_1",
    url="http://dx.doi.org/10.1007/978-3-540-25935-0_1"
}

@article{
		GARLAN:1993,
    title={An introduction to software architecture},
    author={Garlan, David and Shaw, Mary},
    journal={Advances in software engineering and knowledge engineering},
    volume={1},
    number={3.4},
    year={1993},
    url={http://www.cs.cmu.edu/afs/cs/project/able/ftp/intro_softarch/intro_softarch.pdf},
    Urlaccessdate = {11 oct 2016},
    publisher={Singapore}
}

@book{
    CRNKOVIC:2002a,
    author = {Crnkovic, Ivica},
    editor = {Larsson, Magnus},
    title = {Building Reliable Component-Based Software Systems},
    year = {2002},
    isbn = {1580533272},
    publisher = {Artech House, Inc.},
    address = {Norwood, MA, USA},
}

@article{
    PERRY:1992,
    author = {Perry, Dewayne E. and Wolf, Alexander L.},
    title = {Foundations for the Study of Software Architecture},
    journal = {SIGSOFT Softw. Eng. Notes},
    issue_date = {Oct. 1992},
    volume = {17},
    number = {4},
    month = oct,
    year = {1992},
    issn = {0163-5948},
    pages = {40--52},
    numpages = {13},
    url = {http://doi.acm.org/10.1145/141874.141884},
    doi = {10.1145/141874.141884},
    acmid = {141884},
    publisher = {ACM},
    address = {New York, NY, USA},
}

% ---------------------------------------------
%
% SOFTWARE ARCHITECTURE SPECIALIZED RESOURCES
%
% ---------------------------------------------

@phdthesis{
	FIELDING:2000,
	author = {Fielding, Roy Thomas},
	title = {Architectural Styles and the Design of Network-based Software Architectures},
	year = {2000},
	school = {University of California},
	isbn = {0-599-87118-0},
	note = {AAI9980887},
	publisher = {University of California, Irvine},
}

@INPROCEEDINGS{
	SHAW:1997,
	author = {Mary Shaw and Paul Clements},
	title = {A Field Guide to Boxology: Preliminary Classification of Architectural Styles for Software Systems},
	booktitle = {COMPSAC’97 INTERNATIONAL COMPUTER SOFTWARE AND APPLICATIONS CONFERENCE},
	year = {1997},
	pages = {6--13},
	publisher = {}
}

@article{
    CRNKOVIC:2002b,
    author = {Crnkovic, Ivica and Larsson, Stig and Stafford, Judith},
    title = {Component-Based Software Engineering: Building Systems from Components},
    volume = {27},
    number = {3},
    month = {May},
    year = {2002},
    journal = {Software Engineering Notes},
    publisher = {ACM SIGSOFT},
    url = {http://www.es.mdh.se/publications/348-}
}

@inproceedings{
    CRNKOVIC:2000,
    author = {Crnkovic, Ivica and Larsson, Magnus},
    title = {A Case Study: Demands on Component-based Development},
    booktitle = {Proceedings of the 22Nd International Conference on Software Engineering},
    series = {ICSE '00},
    year = {2000},
    isbn = {1-58113-206-9},
    location = {Limerick, Ireland},
    pages = {23--31},
    numpages = {9},
    url = {http://doi.acm.org/10.1145/337180.337185},
    doi = {10.1145/337180.337185},
    acmid = {337185},
    publisher = {ACM},
    address = {New York, NY, USA},
    keywords = {architecture, component-based development, development environment, reuse, standard components},
}

@inproceedings{
    BREIVOLD:2007,
    author = {Breivold, Hongyu Pei and Larsson, Magnus},
    title = {Component-Based and Service-Oriented Software Engineering: Key Concepts and Principles},
    booktitle = {Proceedings of the 33rd EUROMICRO Conference on Software Engineering and Advanced Applications},
    series = {EUROMICRO '07},
    year = {2007},
    isbn = {0-7695-2977-1},
    pages = {13--20},
    numpages = {8},
    url = {http://dx.doi.org/10.1109/EUROMICRO.2007.25},
    doi = {10.1109/EUROMICRO.2007.25},
    acmid = {1302990},
    publisher = {IEEE Computer Society},
    address = {Washington, DC, USA},
}

@Inbook{
    JIFENG:2005,
    author="Jifeng, He
    and Li, Xiaoshan
    and Liu, Zhiming",
    editor="Van Hung, Dang
    and Wirsing, Martin",
    title="Component-Based Software Engineering",
    bookTitle="Theoretical Aspects of Computing -- ICTAC 2005: Second International Colloquium, Hanoi, Vietnam, October 17-21, 2005. Proceedings",
    year="2005",
    publisher="Springer Berlin Heidelberg",
    address="Berlin, Heidelberg",
    pages="70--95",
    isbn="978-3-540-32072-2",
    doi="10.1007/11560647_5",
    url="http://dx.doi.org/10.1007/11560647_5"
}

@Inbook{
    CHAUDRON:2000,
    author="Chaudron, M. R. V.
    and de Jong, E.",
    editor="Rolim, Jos{\'e}",
    title="Components are from Mars",
    bookTitle="Parallel and Distributed Processing: 15 IPDPS 2000 Workshops Cancun, Mexico, May 1--5, 2000 Proceedings",
    year="2000",
    publisher="Springer Berlin Heidelberg",
    address="Berlin, Heidelberg",
    pages="727--733",
    isbn="978-3-540-45591-2",
    doi="10.1007/3-540-45591-4_99",
    url="http://dx.doi.org/10.1007/3-540-45591-4_99"
}

@book{
    STAHL:2006,
    author = {Stahl, Thomas and Voelter, Markus},
    title = {Model-Driven Software Development: Technology, Engineering, Management},
    year = {2006},
    isbn = {0470025700},
    publisher = {John Wiley \& Sons},
}

@article{
    SELIC:2003,
    author = {Selic, Bran},
    title = {The Pragmatics of Model-Driven Development},
    journal = {IEEE Softw.},
    issue_date = {September 2003},
    volume = {20},
    number = {5},
    month = sep,
    year = {2003},
    issn = {0740-7459},
    pages = {19--25},
    numpages = {7},
    url = {http://dx.doi.org/10.1109/MS.2003.1231146},
    doi = {10.1109/MS.2003.1231146},
    acmid = {942714},
    publisher = {IEEE Computer Society Press},
    address = {Los Alamitos, CA, USA},
}

@inproceedings{
    POLAK:2015,
    author = {Pol\'{a}k, Marek and Holubov\'{a}, Irena},
    title = {REST API Management and Evolution Using MDA},
    booktitle = {Proceedings of the Eighth International C* Conference on Computer Science \& Software Engineering},
    series = {C3S2E '15},
    year = {2008},
    isbn = {978-1-4503-3419-8},
    location = {Yokohama, Japan},
    pages = {102--109},
    numpages = {8},
    url = {http://doi.acm.org/10.1145/2790798.2790820},
    doi = {10.1145/2790798.2790820},
    acmid = {2790820},
    publisher = {ACM},
    address = {New York, NY, USA},
    keywords = {Evolution Management, JSON, MDA, REST},
}

@misc{
		AUTOREST,
		title = {AutoREST},
		author = {Schmitt Laser, Marcelo and Dumer, L\'{a}saro},
		year = {2017},
		howpublished = {https://github.com/autorest},
}

@misc{
    SWAGGER,
    title = {Swagger},
    author = {Swagger},
    year = {2016},
    howpublished = {http://swagger.io/},
    note = {Accessed: 2016-11-09},
}


% --------------------------------------------
%
% WEB ARCHITECTURE RESOURCES
%
% --------------------------------------------

@book{
	SHKLAR:2009,
	author = {Shklar, Leon and Rosen, Rich},
	title = {Web Application Architecture: Principles, Protocols and Practices},
	year = {2009},
	isbn = {047051860X, 9780470518601},
	edition = {2nd},
	publisher = {Wiley Publishing},
}

@misc{
	W3C:2014,
	title = {Architecture of the World Wide Web, Volume One},
	author = {W3C},
	year = {2014},
	howpublished = {\url{https://www.w3.org/TR/webarch/}},
	note = {Accessed: 2016-08-30},
}

@article{
    VALVERDE:2009,
    title = {Dealing with REST services in model-driven web engineering methods},
    author = {Valverde, Francisco and Pastor, Oscar},
    year = {2009},
    pages = {243--250},
    url = {https://www.researchgate.net/profile/Oscar_Pastor2/publication/228975781_Dealing_with_REST_Services_in_Model-driven_Web_Engineering_Methods/links/00b495200bb1ec5154000000.pdf},
    journal = {V Jornadas Científico-Técnicas en Servicios Web y SOA, JSWEB},
}

@misc{
    RAML,
    title = {RESTful API Modeling Language},
    author = {Hevery, Misko},
    year = {2016},
    howpublished = {http://raml.org/},
    note = {Accessed: 2016-11-09},
}

@techreport{
    BOOTH:2005,
    added-at = {2007-06-26T10:26:28.000+0200},
    author = {Booth, David and Liu, Canyang Kevin},
    biburl = {https://www.bibsonomy.org/bibtex/2557ffdfc2f14ff5a614de281e33e0940/gebauer},
    institution = {World Wide Web Consortium (W3C)},
    interhash = {c3460278fca8810775d400cffa1017b3},
    intrahash = {557ffdfc2f14ff5a614de281e33e0940},
    keywords = {WSDL},
    month = {10 May},
    note = {eingesehen am 20.07.2005},
    timestamp = {2007-06-26T10:31:03.000+0200},
    title = {Web {S}ervice {D}escription {L}anguage ({WSDL}) {V}ersion 2.0 {P}art
    0: {P}rimer},
    type = {W3C Working Draft},
    url = {http://www.w3.org/TR/2005/WD-wsdl20-primer-20050510},
    year = 2005
}

% --------------------------------------------
%
% ARCHITECTURE RESOURCES
%
% --------------------------------------------

@book{
    VITRUVIUS:1914,
    title={Vitruvius: The Ten Books on Architecture},
    author={Pollio, V. and Morgan, M.H.},
    lccn={60050037},
    series={Dover Publications. [Publications]},
    url={https://books.google.com.br/books?id=9uxPAAAAMAAJ},
    year={1914},
    publisher={Dover Publications}
}

@book{
 REESE:2000,
 author = {Reese, George},
 editor = {Oram, Andy},
 title = {Database Programming with JDBC and Java, Second Edition},
 year = {2000},
 isbn = {1565926161},
 edition = {2nd},
 publisher = {O'Reilly \& Associates, Inc.},
 address = {Sebastopol, CA, USA},
}

% ---------------------------------------------
%
% SOFTWARE PRODUCT LINE BASIC RESOURCES
%
% ---------------------------------------------

@book{
	POHL:2010B,
	author = {Pohl, Klaus and B\"{o}ckle, G\"{u}nter and Linden, Frank J. van der},
	title = {Software Product Line Engineering: Foundations, Principles and Techniques},
	year = {2010},
	publisher = {Springer-Verlag New York, Inc.},
	address = {Secaucus, NJ, USA}
}

@book{
	CZARNECKI:2000,
	author = {Czarnecki, Krzysztof and Eisenecker, Ulrich W.},
	title = {Generative Programming: Methods, Tools, and Applications},
	year = {2000},
	publisher = {ACM Press/Addison-Wesley Publishing Co.},
	address = {New York, NY, USA}
}

@book{
	POHL:2005,
	author = {Pohl, Klaus and B\"{o}ckle, G\"{u}nter and Linden, Frank J. van der},
	numpages = {494},
	publisher = {Springer--Verlag New York, Inc.},
	title = {{Software Product Line Engineering: Foundations, Principles and Techniques}},
	year = {2005}
}

@techreport{
	KANG:1990,
	title={{Feature-Oriented Domain Analysis (FODA) Feasibility Study}},
	author={Kyo Kang and Sholom Cohen and James Hess and William Novak and A. Peterson},
	year={1990},
	number={CMU/SEI-90-TR-021 },
	institution={Software Engineering Institute, Carnegie Mellon University},
	address={Pittsburgh, PA},
	url={http://resources.sei.cmu.edu/library/asset-view.cfm?AssetID=11231}
}

@book{
	CLEMENTS:2001,
	author = {Clements, Paul C. and Northrop, Linda},
	description = {Computer Science Bibliography Collection},
	keywords = {fundamentals line product},
	month = {August},
	publisher = {Addison-Wesley},
	series = {SEI Series in Software Engineering},
	title = {{Software Product Lines: Practices and Patterns}},
	year = 2001
}

@techreport{
	BACHMANN:2005,
	title={Variability in Software Product Lines},
	author={Bachmann, Felix and Clements, Paul C.},
	group={SEI},
	year={2005},
	institution={Carnegie Mellon University},
	month={09},
}

@book{
	APEL:2013,
	author = {Apel, Sven and Batory, Don and Kstner, Christian and Saake, Gunter},
	title = {Feature-Oriented Software Product Lines: Concepts and Implementation},
	year = {2013},
	isbn = {3642375200, 9783642375200},
	publisher = {Springer Publishing Company, Incorporated},
}

% ---------------------------------------------
%
% SOFTWARE PRODUCT LINE SPECIALIZED RESOURCES
%
% ---------------------------------------------

@inproceedings{
    LASER:2015b,
    title={AtlasSPL - A Web-Based Tool for Feature Modeling},
    author={Laser, Marcelo S. and Rodrigues, Elder M. and Martins, Cristiano M. and Oliveira, Flávio},
    booktitle={2nd Latin-American School on Software Engineering},
    year={2015},
    pages={54--65}
}

@inproceedings{
    LASER:2016,
    title={Hephaestus - A Software Product Line Configurator},
    author={Laser, Marcelo Schmitt and Domingues, Anderson and Rodrigues, Elder Macedo},
    booktitle={3rd Latin-American School on Software Engineering},
    year={2016}
}

@inproceedings{
	ZIADI:2003,
	title={Product line derivation with uml},
	author={Ziadi, Tewfik and J{\'e}z{\'e}quel, Jean-Marc and Fondement, Fr{\'e}d{\'e}ric and others},
	booktitle={Software Variability Management Workshop, Univ. of Groningen Departement of Mathematics and Computing Science},
	year={2003},
	pages = {1--9}
}

@incollection{
	KRUEGER:2002A,
	title={Variation management for software production lines},
	author={Krueger, Charles W},
	booktitle={Software Product Lines},
	pages={37--48},
	year={2002},
	publisher={Springer}
}

@inproceedings{
	THUM:2011,
	title={Abstract features in feature modeling},
	author={Thum, Thomas and Kastner, Christian and Erdweg, Sebastian and Siegmund, Norbert},
	booktitle={15th International Software Product Line Conference},
	pages={191--200},
	year={2011},
}

@inproceedings{
	RODRIGUES:2014,
	author = {Elder de M. Rodrigues and Leonardo Passos and Felipe Teixeira and Avelino F. Zorzo and Rodrigo Saad},
	title = {{On the Requirements and Design Decisions of an In-House Component-based SPL Automated Environment}},
	booktitle = {{26th International Conference on Software Eng. and Knowledge Eng.}},
	year = {2014},
	pages = {483--488},
	address = {Vancouver, CA}
}

@inproceedings{
	STAPLES:2004,
	author = {Mark Staples and Derrick Hill},
	title = {{Experiences Adopting Software Product Line Development without a Product Line Architecture}},
	booktitle = {{Asia-Pacific Software Eng. Conference}},
	year = {2004},
	pages = {176--183}
}

@inproceedings{
	GACEK:2001,
	author = {Gacek, Critina and Anastasopoules, Michalis},
	title = {Implementing Product Line Variabilities},
	booktitle = {Symposium on Software Reusability: Putting Software Reuse in Context},
	year = {2001},
	location = {Toronto, Ontario, Canada},
	pages = {109--117},
	publisher = {ACM},
	address = {New York, NY, USA}
}

@inproceedings{
	KRUEGER:2002B,
	author = {Krueger, Charles W.},
	title = {Easing the Transition to Software Mass Customization},
	booktitle = {4th International Workshop on Software Product-Family Eng.},
	year = {2002},
	pages = {282--293}
}

@INPROCEEDINGS{
	BOSCH:2001,
	author={van Gurp, J. and Bosch, J. and Svahnberg, M.},
	booktitle={{Proceedings Working IEEE/IFIP Conference on Software Architecture}},
	title={{On the notion of variability in software product lines}},
	year={2001},
	pages={45-54},
	doi={10.1109/WICSA.2001.948406}
}

@INPROCEEDINGS{
	GRISS:1998,
	author={Griss, M.L. and Favaro, J. and d'Alessandro, M.},
	booktitle={{Proceedings. Fifth International Conference on Software Reuse}},
	title={{Integrating feature modeling with the RSEB}},
	year={1998},
	month={Jun},
	pages={76-85},
	doi={10.1109/ICSR.1998.685732},
	ISSN={1085-9098}
}

@article{
	THUM:2014,
	author = {Th\"{u}m, Thomas and K\"{a}stner, Christian and Benduhn, Fabian and Meinicke, Jens and Saake, Gunter and Leich, Thomas},
	title = {{FeatureIDE: An Extensible Framework for Feature-oriented Software Development}},
	journal = {{Science of Computer Programming}},
	issue_date = {January, 2014},
	volume = {79},
	month = jan,
	year = {2014},
	issn = {0167-6423},
	pages = {70--85},
	numpages = {16},
	url = {http://dx.doi.org/10.1016/j.scico.2012.06.002},
	doi = {10.1016/j.scico.2012.06.002},
	acmid = {2537315},
	publisher = {Elsevier North-Holland, Inc.},
	address = {Amsterdam, The Netherlands, The Netherlands}
}

@inproceedings{
	ANTKIEWICZ:2004,
	author = {Antkiewicz, Michal and Czarnecki, Krzysztof},
	title = {{FeaturePlugin: Feature Modeling Plug-in for Eclipse}},
	booktitle = {{Proceedings of the 2004 OOPSLA Workshop on Eclipse Technology eXchange}},
	year = {2004},
	location = {Vancouver, British Columbia, Canada},
	pages = {67--72},
	numpages = {6},
	publisher = {ACM},
	address = {New York, NY, USA}
}

@inproceedings{
	MENDONCA:2009,
	added-at = {2010-01-31T00:00:00.000+0100},
	author = {Mendon\c{c}a, Marcílio and Branco, Moises and Cowan, Donald D.},
	biburl = {http://www.bibsonomy.org/bibtex/23dc1156bff1b55411576f623feaef5ca/dblp},
	booktitle = {OOPSLA Companion},
	date = {2010-01-31},
	description = {dblp},
	editor = {Arora, Shail and Leavens, Gary T.},
	ee = {http://doi.acm.org/10.1145/1639950.1640002},
	interhash = {4784c0da17dc6ae7c7278f3534109651},
	intrahash = {3dc1156bff1b55411576f623feaef5ca},
	isbn = {978-1-60558-768-4},
	keywords = {dblp},
	pages = {761-762},
	publisher = {ACM},
	timestamp = {2010-02-02T11:35:40.000+0100},
	title = {{S.P.L.O.T.: software product lines online tools.}},
	url = {http://dblp.uni-trier.de/db/conf/oopsla/oopsla2009c.html#MendoncaBC09},
	year = 2009
}

@INPROCEEDINGS{
	CZARNECKI:2005,
	author = {Krzysztof Czarnecki and Simon Helsen and Ulrich Eisenecker},
	title = {{Formalizing cardinality-based feature models and their specialization}},
	booktitle = {{Software Process: Improvement and Practice}},
	year = {2005}
}

@INPROCEEDINGS{
	CZARNECKI:2004,
	author = {Krzysztof Czarnecki and Simon Helsen and Ulrich Eisenecker},
	title = {{Staged configuration through specialization and multi-level configuration of feature models}},
	booktitle = {{Software Process Improvement and Practice}},
	year = {2005}
}

@inproceedings{
	BERGER:2013,
	author = {Berger, Thorsten and Rublack, Ralf and Nair, Divya and Atlee, Joanne M. and Becker, Martin and Czarnecki, Krzysztof and Wasowski, Andrzej},
	title = {A Survey of Variability Modeling in Industrial Practice},
	booktitle = {Proceedings of the Seventh International Workshop on Variability Modelling of Software-intensive Systems},
	year = {2013},
	location = {Pisa, Italy},
	publisher = {ACM},
	address = {New York, NY, USA}
}

@inproceedings{
	LASER:2015,
	author = {Marcelo Schmitt Laser and Elder Macedo Rodrigues and Anderson Roberto Pinheiro Domingues and Flavio Moreira Oliveira and Avelino Francisco Zorzo},
	title = {{Architectural Evolution of a Software Product Line: an experience report}},
	booktitle = {{27th SEKE}},
	year = {2015},
	pages = {217--222},
	address = {Pittsburgh, USA}
}

@misc{
	AGM:2010,
	title = {Arcade Game Maker Pedagogical Product Line},
	note = {http://www.sei.cmu.edu/productlines/ppl/, Accessed: 22.04.2016},
	year = {2010}
}

@INPROCEEDINGS{
	KRUEGER:2006,
	author={C. W. Krueger},
	booktitle={10th International Software Product Line Conference (SPLC'06)},
	title={New methods in software product line development},
	year={2006},
	pages={95-99},
	keywords={product development;software development management;software maintenance;product line portfolios;software evolution;software maintenance;software product line development;Application software;Computer industry;Logic;Manufacturing automation;Mass customization;Programming;Software engineering;Software maintenance;Software reusability;Software tools},
	doi={10.1109/SPLINE.2006.1691581},
	month={},
}

@conference {
	BOTTERWECK:2009,
	title = {A Design of a Configurable Feature Model Configurator},
	booktitle = {Proceedings of the 3rd International Workshop on Variability Modelling of Software-Intensive Systems (VAMOS~09)},
	year = {2009},
	month = {January},
	pages = {165-168},
	keywords = {applied formal methods, feature modelling, product configuration, product line engineering, SAT},
	url = {http://www.vamos-workshop.net/proceedings/VaMoS\_2009\_Proceedings.pdf},
	author = {Goetz Botterweck and Mikolas Janota and Denny Schneeweiss}
}

% ---------------------------------------------
%
% SOFTWARE TESTING SPECIALIZED RESOURCES
%
% ---------------------------------------------

@inproceedings{
	SILVEIRA:2011,
	author = {Silveira, Maicon B. and Rodrigues, Elder Macedo and Zorzo, Avelino F. and Vieira, Hugo and Oliveira, Fl\'{a}vio},
	title = {{Model-Based Automatic Generation of Performance Test Scripts}},
	booktitle = {{23rd International Conference on Software Eng. and Knowledge Eng.}},
	year = {2011},
	pages = {1--6},
	publisher = {Knowledge Systems Institute Graduate School},
	address = {Miami, FL, USA}
}

@inproceedings{
	TEODORO:2012,
	author = {Costa, Leandro T. and Czekster, Ricardo and Oliveira, Fl\'{a}vio M. and Rodrigues, Elder M. and Silveira, Maicon B. and Zorzo, Avelino F.},
	title = {{Generating Performance Test Scripts and Scenarios Based on Abstract Intermediate Models.}},
	booktitle = {{24th International Conference on Software Eng. and Knowledge Eng.}},
	year = {2012},
	pages = {112-117},
	publisher = {Knowledge Systems Institute Graduate School},
	address = {San Francisco, USA}
}

@inproceedings{
	RODRIGUES:2010,
	author = {Elder de M. Rodrigues and Leonardo D. Viccari and Avelino F. Zorzo and Itana M. Gimenes},
	title = {{PLeTs-Test Automation using Software Product Lines and Model Based Testing}},
	booktitle = {{22nd International Conference on Software Eng. and Knowledge Eng.}},
	year = {2010},
	pages = {483--488},
	address = {San Francisco, USA}
}

% ---------------------------------------------
%
% SOFTWARE TESTING BASIC RESOURCES
%
% ---------------------------------------------

@book{
	UTTING:2006,
	author = {Utting, Mark and Legeard, Bruno},
	numpages = {456},
	publisher = {Morgan Kaufmann},
	title = {Practical model-based testing: a tools approach},
	year = {2006}
}

% ---------------------------------------------
%
% REQUIREMENTS ENGINEERING BASIC RESOURCES
%
% ---------------------------------------------

@book{
    JACKSON:1995,
    author = {Jackson, Michael},
    title = {Software Requirements \&Amp; Specifications: A Lexicon of Practice, Principles and Prejudices},
    year = {1995},
    isbn = {0-201-87712-0},
    source = {ACM member price \$25.25, order no. 704950},
    publisher = {ACM Press/Addison-Wesley Publishing Co.},
    address = {New York, NY, USA},
}

@book{
    KOVITZ:1998,
    author = {Kovitz, Benjamin L.},
    title = {Practical Software Requirements: A Manual of Content and Style},
    year = {1999},
    isbn = {1-884777-59-7},
    publisher = {Manning Publications Co.},
    address = {Greenwich, CT, USA},
}

@book{
    THAYER:1997,
    author = {Thayer, Richard H. and Bailin, Sidney C. and Dorfman, M.},
    title = {Software Requirements Engineerings, 2Nd Edition},
    year = {1997},
    isbn = {0818677384},
    edition = {2nd},
    publisher = {IEEE Computer Society Press},
    address = {Los Alamitos, CA, USA},
}

@book{
    POHL:2010A,
    author = {Pohl, Klaus},
    title = {Requirements Engineering: Fundamentals, Principles, and Techniques},
    year = {2010},
    isbn = {3642125778, 9783642125775},
    edition = {1st},
    publisher = {Springer Publishing Company, Incorporated},
}

% ---------------------------------------------
%
% CORBA BASIC RESOURCES
%
% ---------------------------------------------

@misc{
    OMG:2014,
    author = {OMG},
    institution = {Object Management Group},
    organization = {Object Management Group},
    revision = {3.5},
    title = {{OMG Interface Definition Language (OMG IDL), Version 3.5}},
    howpublished = {http://www.omg.org/spec/IDL35/3.5/},
    year = 2014
}

@misc{
		CORBA:2012,
		author = {OMG},
		institution = {Object Management Group},
    organization = {Object Management Group},
    revision = {3.3},
		title = {Common Object Request Broker Architecture},
		howpublished = {http://www.omg.org/spec/CORBA/},
		year = 2012,
		note = {Accessed: 01/04/2017},
}

% ---------------------------------------------
%
% UML BASIC RESOURCES
%
% ---------------------------------------------

@misc{
    OMG:2011,
    author = {OMG},
    institution = {Object Management Group},
    organization = {Object Management Group},
    revision = {2.5},
    title = {{OMG Unified Modeling Language (OMG UML), Superstructure, Version 2.5}},
    url = {http://www.omg.org/spec/UML/2.5},
    year = 2011
}

@book{
    RUMBAUGH:2004,
    author = {Rumbaugh, James and Jacobson, Ivar and Booch, Grady},
    title = {Unified Modeling Language Reference Manual, The (2Nd Edition)},
    year = {2004},
    isbn = {0321245628},
    publisher = {Pearson Higher Education},
}

@book{
    BOOCH:2005,
    author = {Booch, Grady and Rumbaugh, James and Jacobson, Ivar},
    title = {Unified Modeling Language User Guide, The (2Nd Edition) (Addison-Wesley Object Technology Series)},
    year = {2005},
    isbn = {0321267974},
    publisher = {Addison-Wesley Professional},
}

@book{
    ARLOW:2005,
    author = {Arlow, Jim and Neustadt, Ila},
    title = {UML 2.0 and the Unified Process: Practical Object-Oriented Analysis and Design (2Nd Edition)},
    year = {2005},
    isbn = {0321321278},
    publisher = {Addison-Wesley Professional},
}

% ---------------------------------------------
%
% UML SPECIALIZED RESOURCES
%
% ---------------------------------------------

@proceedings{
    EVANS:2000,
    editor = {Evans, Andy and Kent, Stuart and Selic, Bran},
    title = {UML'00: Proceedings of the 3rd International Conference on The Unified Modeling Language: Advancing the Standard},
    year = {2000},
    isbn = {3-540-41133-X},
    issn = {0302-9743},
    location = {York, UK},
    publisher = {Springer-Verlag},
    address = {Berlin, Heidelberg},
}

@article{
    BUDGEN:2011,
    author = {Budgen, D. and Burn, A. J. and Brereton, O. P. and Kitchenham, B. A. and Pretorius, R.},
    title = {Empirical Evidence About the UML: A Systematic Literature Review},
    journal = {Softw. Pract. Exper.},
    issue_date = {April 2011},
    volume = {41},
    number = {4},
    month = apr,
    year = {2011},
    issn = {0038-0644},
    pages = {363--392},
    numpages = {30},
    url = {http://dx.doi.org/10.1002/spe.1009},
    doi = {10.1002/spe.1009},
    acmid = {1967238},
    publisher = {John Wiley \& Sons, Inc.},
    address = {New York, NY, USA},
    keywords = {UML, systematic literature review},
}

@inproceedings{
    PETRE:2013,
    author = {Petre, Marian},
    title = {UML in Practice},
    booktitle = {Proceedings of the 2013 International Conference on Software Engineering},
    series = {ICSE '13},
    year = {2013},
    isbn = {978-1-4673-3076-3},
    location = {San Francisco, CA, USA},
    pages = {722--731},
    numpages = {10},
    url = {http://dl.acm.org/citation.cfm?id=2486788.2486883},
    acmid = {2486883},
    publisher = {IEEE Press},
    address = {Piscataway, NJ, USA},
}

% ---------------------------------------------
%
% PROGRAMMING LANGUAGE RESOURCES
%
% ---------------------------------------------

@book{
    HORSTMANN:2010,
    author = {Horstmann, Cay S.},
    title = {Big Java: For Java 7 and 8},
    year = {2010},
    isbn = {047055309X, 9780470553091},
    edition = {4th},
    publisher = {John Wiley \& Sons Software},
}

@Book{
    DEITEL:1999,
    Title = {Java - How to Program},
    Author = {H.M. Deitel and P.J.Deitel},
    Keywords = {FUNDAMENTALS computer science},
    Publisher = {Prentice Hall},
    Year = {1999},
}

@book{
    GOSLING:2014,
    author = {Gosling, James and Joy, Bill and Steele, Guy L. and Bracha, Gilad and Buckley, Alex},
    title = {The Java Language Specification, Java SE 8 Edition},
    year = {2014},
    isbn = {013390069X, 9780133900699},
    edition = {1st},
    publisher = {Addison-Wesley Professional},
}

@misc{
    SEDGEWICK:2011,
    author = {Sedgewick, Robert and Wayne, Kevin},
    title = {HelloWorld.java},
    howpublished = {http://introcs.cs.princeton.edu/java/11hello/HelloWorld.java.html},
    year = 2011,
}

@misc{
	REGEXONE,
	author = {RegexOne},
	title = {RegexOne - Learn Regular Expressions with simple, interactive exercises.},
	howpublished = {https://regexone.com},
	year = 2016,
	note = {Date accessed: 08/04/17}
}

@misc{
	JUNIT,
	author = {JUnit},
	title = {JUnit},
	howpublished = {junit.org},
	year = 2017,
	note = {Date accessed: 10/04/17}
}

@misc{
	KROPF:2015,
	author = {Kropf, Josh},
	title = {Java Preprocessor},
	howpublished = {slashdev.ca/javapp},
	year = 2015,
	note = {Date accessed: 23/04/17}
}

@book{
	VANROY:2004,
	author = {Van Roy, Peter and Haridi, Seif},
	title = {Concepts, Techniques, and Models of Computer Programming},
	year = {2004},
	isbn = {0262220695, 9780262220699},
	edition = {1st},
	publisher = {The MIT Press},
}

@book{
	GHEZZI:1997,
	author = {Ghezzi, Carlo and Jazayeri, Mehdi},
	title = {Programming Language Concepts},
	year = {1997},
	isbn = {0471104264},
	edition = {3rd},
	publisher = {John Wiley \& Sons, Inc.},
	address = {New York, NY, USA},
}

@incollection{VANROY:2009,
  address = {France},
  author = {Van Roy, Peter},
  booktitle = {New Computational Paradigms for Computer Music},
  editor = {Assayag, G. and Gerzso, A.},
  keywords = {overview, paradigm, programming},
  publisher = {IRCAM/Delatour},
  title = {{Programming Paradigms for Dummies: What Every Programmer Should Know}},
  url = {http://www.info.ucl.ac.be/\~{}pvr/VanRoyChapter.pdf},
  year = {2009}
}

% ---------------------------------------------
%
% ALGORITHMS BASIC RESOURCES
%
% ---------------------------------------------

@book{
	CORMEN:2001,
	author = {Cormen, Thomas H. and Stein, Clifford and Rivest, Ronald L. and Leiserson, Charles E.},
	title = {Introduction to Algorithms},
	year = {2001},
	isbn = {0070131511},
	edition = {2nd},
	publisher = {McGraw-Hill Higher Education},
}

% ---------------------------------------------
%
% JSON RESOURCES
%
% ---------------------------------------------

@techreport
{
    ECMA404,
    edition = {1st Edition},
    institution = {ECMA},
    key = {JSON},
    keywords = {ecma, json},
    month = {oct},
    number = {Standard ECMA-404 1st Edition / October 2013},
    posted-at = {2014-10-31 11:59:00},
    priority = {2},
    title = {The JSON Data Interchange Format},
    author = {ECMA},
    url = {http://www.ecma-international.org/publications/files/ECMA-ST/ECMA-404.pdf},
    year = {2013}
}

@misc
{
    RFC4627,
    author = {Crockford, D.},
    title = {The application/json Media Type for JavaScript Object Notation (JSON)},
    year = {2006},
    publisher = {RFC Editor},
    address = {United States},
}

@misc
{
    JSON:2016,
    title = {Introducing JSON},
    author = {Crockford, D.},
	note = {http://www.json.org/, Accessed: 06.11.2016},
	year = {2016}
}

@misc
{
    DROETTBOOM:2015,
    title = {Understanding JSON Schema},
    author = {Droetboom, Michael},
    note = {https://spacetelescope.github.io/understanding-json-schema/index.html, Accessed: 14.11.2016},
    year = {2015}
}

% ---------------------------------------------
%
% RFCs and INTERNET/WEB RESOURCES
%
% ---------------------------------------------

@techreport{Israel:120764,
      author        = "Israel, J E and Mitchell, J G and Sturgis, H E",
      title         = "{Separating data from function in a distributed file system}",
      institution   = "Xerox Res. Cent.",
      address       = "Palo Alto, CA",
      number        = "CSL-78-5",
      year          = "1978",
      url           = "https://cds.cern.ch/record/120764",
}

@misc{RFC0005,
    author = {Rulifson, J.},
    title = {Decode Encode Language (DEL)},
    year = {1969},
    publisher = {RFC Editor},
    address = {United States},
}

@MISC{WWWProxy:1994,
    author = {Ari Luotonen and Kevin Altis and Ari Luotonen Cern and Kevin Altis Intel},
    title = {World-Wide Web Proxies},
    year = {1994}
}

@misc{RFC2048,
    author = {Freed, N. and Klensin, J. and Postel, J.},
    title = {Multipurpose Internet Mail Extensions (MIME) Part Four: Registration Procedures},
    year = {1996},
    publisher = {RFC Editor},
    address = {United States},
}

@misc{RFC2616,
    author = {Fielding, R. and Gettys, J. and Mogul, J. and Frystyk, H. and Masinter, L. and Leach, P. and Berners-Lee, T.},
    title = {Hypertext Transfer Protocol -- HTTP/1.1},
    year = {1999},
    publisher = {RFC Editor},
    address = {United States},
}
@misc{RFC7231,
	series =	{Request for Comments},
	number =	7231,
	howpublished =	{RFC 7231},
	publisher =	{RFC Editor},
	doi =		{10.17487/rfc7231},
	url =		{https://rfc-editor.org/rfc/rfc7231.txt},
	author =	{Roy T. Fielding and Julian F. Reschke},
	title =		{{Hypertext Transfer Protocol (HTTP/1.1): Semantics and Content}},
	pagetotal =	101,
	year =		2014,
	month =		jun
}
@misc{RFC7540,
	series =	{Request for Comments},
	number =	7540,
	howpublished =	{RFC 7540},
	publisher =	{RFC Editor},
	author =	{Mike Belshe and Roberto Peon and Martin Thomson},
	title =		{{Hypertext Transfer Protocol Version 2 (HTTP/2)}},
	pagetotal =	96,
	year =		2015,
	month =		may
}

@misc{RFC2396,
    author = {Berners-Lee, T. and Fielding, R. and Masinter, L.},
    title = {Uniform Resource Identifiers (URI): Generic Syntax},
    year = {1998},
    publisher = {RFC Editor},
    address = {United States},
}

@misc{rfc3986,
  added-at = {2013-12-17T09:42:01.000+0100},
  annote = {$\backslash$url\{http://www.gbiv.com/protocols/uri/rfc/rfc3986.html\}},
  author = {Berners-Lee, T and Fielding, R and Masinter, L},
  biburl = {https://www.bibsonomy.org/bibtex/21c3ac88dc218ebafc0d0296cebd4add4/jullybobble},
  institution = {IETF (Internet Engineering Task Force)},
  interhash = {266f30f3e02e5ebc5a0e3b307a7d70da},
  intrahash = {1c3ac88dc218ebafc0d0296cebd4add4},
  keywords = {rdf phd},
  timestamp = {2014-07-27T15:43:19.000+0200},
  title = {{RFC 3986: Uniform Resource Identifier (URI): Generic Syntax}},
  year = 2005
}
@misc{RFC1049,
    author = {Sirbu, M. A.},
    title = {Content-type Header Field for Internet Messages},
    year = {1988},
    publisher = {RFC Editor},
    address = {United States},
}
@misc{RFC5789,
	series =	{Request for Comments},
	number =	5789,
	howpublished =	{RFC 5789},
	publisher =	{RFC Editor},
	doi =		{10.17487/rfc5789},
	url =		{https://rfc-editor.org/rfc/rfc5789.txt},
	author =	{Lisa M. Dusseault and James M. Snell},
	title =		{{PATCH Method for HTTP}},
	pagetotal =	10,
	year =		2010,
	month =		mar
}

@misc{RFC7396,
	series =	{Request for Comments},
	number =	7396,
	howpublished =	{RFC 7396},
	publisher =	{RFC Editor},
	doi =		{10.17487/rfc7396},
	url =		{https://rfc-editor.org/rfc/rfc7396.txt},
	author =	{P. Hoffman and J. Snell},
	title =		{JSON Merge Patch},
	pagetotal =	9,
	year =		2014,
	month =		oct
}

@misc{RFC1123,
	series =	{Request for Comments},
	number =	1123,
	howpublished =	{RFC 1123},
	publisher =	{RFC Editor},
	doi =		{10.17487/rfc1123},
	url =		{https://rfc-editor.org/rfc/rfc1123.txt},
	author =	{},
	title =		{Requirements for Internet Hosts - Application and Support},
	pagetotal =	98,
	year =		1989,
	month =		oct
}

% ---------------------------------------------
%
% UNCLASSIFIED RESOURCES
%
% ---------------------------------------------

@inproceedings
{
    NUSEIBEH:2000,
    author = {Nuseibeh, Bashar and Easterbrook, Steve},
    title = {Requirements Engineering: A Roadmap},
    booktitle = {Proceedings of the Conference on The Future of Software Engineering},
    Year = {2000},
    pages = {35--46},
    Url = {http://doi.acm.org/10.1145/336512.336523},
    publisher = {ACM},
}

@book
{
    WIERINGA:1996,
    author = {Wieringa, R. J.},
    title = {Requirements Engineering: Frameworks for Understanding},
    year = {1996},
    isbn = {0-471-95884-0},
    publisher = {John Wiley \& Sons, Inc.},
    address = {New York, NY, USA},
}

@book
{
    DAVIS:1993,
    author = {Davis, Alan M.},
    title = {Software Requirements: Objects, Functions, and States},
    year = {1993},
    isbn = {0-13-805763-X},
    publisher = {Prentice-Hall, Inc.},
    address = {Upper Saddle River, NJ, USA},
}
@book
{
    PRESSMAN:2009,
    title={Engenharia de Software - 7.ed.: },
    author={Pressman, R.S.},
    isbn={9788580550443},
    url={https://books.google.ca/books?id=y0rH9wuXe68C},
    year={2009},
    publisher={McGraw Hill Brasil}
}
@article
{
    ZAVE:1997a,
    author = {Zave, Pamela and Jackson, Michael},
    title = {Four Dark Corners of Requirements Engineering},
    journal = {ACM Trans. Softw. Eng. Methodol.},
    issue_date = {Jan. 1997},
    volume = {6},
    number = {1},
    month = jan,
    year = {1997},
    issn = {1049-331X},
    pages = {1--30},
    numpages = {30},
    url = {http://doi.acm.org/10.1145/237432.237434},
    doi = {10.1145/237432.237434},
    acmid = {237434},
    publisher = {ACM},
    address = {New York, NY, USA},
    keywords = {control of actions, domain knowledge, implementation bias, refinement of requirements},
}

@article
{
    ZAVE:1997b,
    author = {Zave, Pamela},
    title = {Classification of Research Efforts in Requirements Engineering},
    journal = {ACM Comput. Surv.},
    issue_date = {Dec. 1997},
    volume = {29},
    number = {4},
    month = dec,
    year = {1997},
    issn = {0360-0300},
    pages = {315--321},
    numpages = {7},
    url = {http://doi.acm.org/10.1145/267580.267581},
    doi = {10.1145/267580.267581},
    acmid = {267581},
    publisher = {ACM},
    address = {New York, NY, USA},
}

@article
{
    CASE:1985,
    author = {Case, Albert F.},
    title = {Computer-aided Software Engineering (CASE): Technology for Improving Software Development Productivity},
    journal = {SIGMIS Database},
    issue_date = {Fall 1985},
    volume = {17},
    number = {1},
    month = sep,
    year = {1985},
    issn = {0095-0033},
    pages = {35--43},
    numpages = {9},
    url = {http://doi.acm.org/10.1145/1040694.1040698},
    doi = {10.1145/1040694.1040698},
    acmid = {1040698},
    publisher = {ACM},
    address = {New York, NY, USA},
}

%http://www2016.net/proceedings/proceedings/p263.pdf
@inproceedings
{
    PEZOA:2016,
    author = {Pezoa, Felipe and Reutter, Juan L. and Suarez, Fernando and Ugarte, Mart\'{\i}n and Vrgo\v{c}, Domagoj},
    title = {Foundations of JSON Schema},
    booktitle = {Proceedings of the 25th International Conference on World Wide Web},
    series = {WWW '16},
    year = {2016},
    isbn = {978-1-4503-4143-1},
    location = {Montr\&\#233;al, Qu\&\#233;bec, Canada},
    pages = {263--273},
    numpages = {11},
    url = {http://www2016.net/proceedings/proceedings/p263.pdf},
    doi = {10.1145/2872427.2883029},
    acmid = {2883029},
    publisher = {International World Wide Web Conferences Steering Committee},
    address = {Republic and Canton of Geneva, Switzerland},
    keywords = {JSON, JSON schema, JSON validation, expressiveness of schema languages},
	Urlaccessdate = {11 set 2016}
}
@misc{
    CSWR:GRAMMAR,
    author = {Pezoa, Felipe and Reutter, Juan L. and Suarez, Fernando and Ugarte, Mart\'{\i}n and Vrgo\v{c}, Domagoj},
    title = {Syntax - JSON Schema},
    howpublished = {http://cswr.github.io/JsonSchema/spec/grammar},
	Urlaccessdate = {7 sep 2016},
	Year = {2016}
}
%Internet Engineering Task Force
@misc{
    GALIEGUE:2013,
	Author = {Galiegue, Francis and Zyp, Kris and Court, Gary},
	Date-Added = {2016-09-11 15:55:00 -0300},
	Date-Modified = {2016-09-11 15:55:00 -0300},
	Howpublished = {},
	Title = {JSON Schema: core definitions and terminology},
	howpublished = {http://json-schema.org/latest/json-schema-core.html},
	Urlaccessdate = {11 set 2016},
	Year = {2013},
	Bdsk-Url-1 = {http://json-schema.org/latest/json-schema-core.html}
}
@misc{
    XMI:OMG,
    author = {OMG},
    institution = {Object Management Group},
    organization = {Object Management Group},
    revision = {2.5.1},
    title = {{XML Metadata Interchange (XMI), Version 2.5.1}},
    howpublished = {http://www.omg.org/spec/XMI/},
    year = 2015
}
@misc{
    XMI:ISO,
    author = {ISO/OMG},
    institution = {International Organization for Standardization},
    organization = {International Organization for Standardization},
    revision = {2.4.1},
    title = {{Information technology - Object Management Group XML Metadata Interchange (XMI)}},
    howpublished = {http://www.omg.org/spec/XMI/ISO/19509/PDF/},
    year = 2014
}
@misc
{
    CHANGEVISION:2016,
	Author = {Change Vision},
	Date-Added = {2016-09-11 15:55:00 -0300},
	Date-Modified = {2016-09-11 15:55:00 -0300},
	Howpublished = {},
	Title = {Change Vision, Inc.},
	Url = {http://www.change-vision.com/index_en.html},
	Urlaccessdate = {11 set 2016},
	Year = {2016},
	Bdsk-Url-1 = {http://www.change-vision.com/index_en.html}
}

@misc
{
    TIGRISORG:2016,
	Author = {Tigris.org},
	Date-Added = {2016-09-11 15:55:00 -0300},
	Date-Modified = {2016-09-11 15:55:00 -0300},
	Howpublished = {},
	Title = {Tigris.org},
	Url = {http://www.tigris.org/},
	Urlaccessdate = {11 set 2016},
	Year = {2016},
	Bdsk-Url-1 = {http://www.tigris.org/}
}

@misc
{
    VISUAL:PLUGIN,
	Author = {Microsoft},
	Date-Added = {2016-09-11 15:55:00 -0300},
	Date-Modified = {2016-09-11 15:55:00 -0300},
	Howpublished = {},
	Title = {Create UML modeling projects and diagrams},
	Url = {https://msdn.microsoft.com/en-us/library/dd409445.aspx},
	Urlaccessdate = {11 set 2016},
	Year = {2016},
	Bdsk-Url-1 = {https://msdn.microsoft.com/en-us/library/dd409445.aspx}
}

@book{WATT:2004,
    author = {Watt, David A.},
    title = {Programming Language Design Concepts},
    year = {2004},
    isbn = {0470853204},
    publisher = {John Wiley \& Sons},
}



@misc
{
    BYACCJ,
	Author = {Tomas Hurka},
	Title = {BYACCJ: BYACC to generate Java source code},
	Url = {http://byaccj.sourceforge.net/},
	Urlaccessdate = {11 nov 2016},
	Year = {2008}
}


@book{
    CASCIARO:2016,
    author = {Casciaro, Mario  and Mammino, Luciano},
    title = {Node.js Design Patterns},
    year = {2016},
    isbn = {978-1-78588-738-3},
    publisher = {Packt Publishing},
}

@misc
{
    NODEORG:2009,
    title = {Node.js},
    author = {Foundation, Node.js},
	note = {https://nodejs.org/en/, Accessed: 06.11.2016},
	Url = {https://nodejs.org/en/},
	year = {2016}
}

@misc
{
    MONGODB,
    title = {MongoDB Inc},
    author = {Inc, MongoDB},
	note = {https://www.mongodb.com/, Accessed: 06.11.2016},
	Url = {https://www.mongodb.com/},
	year = {2009}
}

@misc
{
    NOSQLORG,
    title = {NoSQL Databases},
	note = {http://nosql-database.org/, Accessed: 06.11.2016},
	Url = {http://nosql-database.org/},
	year = {2009}
}


@misc
{
    HEROICS ,
    title = {Heroics},
	note = {https://github.com/interagent/heroics, Accessed: 06.11.2016},
	Url = {https://github.com/interagent/heroics},
	year = {2013}
}

@misc
{
    JSHYPERSCH,
    title = {JSON Hyper-Schema},
    author = {Geraint Luff},
	note = {http://json-schema.org/latest/json-schema-hypermedia.html, Accessed: 06.11.2016},
	Url = {http://json-schema.org/latest/json-schema-hypermedia.html},
	year = {2016}
}

@misc
{
    SCHEMATIC,
    title = {Schematic},
	note = {https://github.com/interagent/schematic, Accessed: 06.11.2016},
	Url = {https://github.com/interagent/schematic},
	year = {2014}
}


@misc
{
    PRMD,
    title = {Prmd},
	note = {https://github.com/interagent/prmd, Accessed: 06.11.2016},
	Url = {https://github.com/interagent/prmd},
	year = {2013}
}


@misc
{
    IAROCCI:EVE,
    title = {Eve - Python REST API framework},
    author = {Nicola Iarocci},
	note = {http://python-eve.org, Accessed: 06.11.2016},
	Url = {http://python-eve.org},
	year = {2012}
}

@misc
{
    IAROCCI:CERBERUS,
    title = {Cerberus},
    author = {Nicola Iarocci},
	note = {http://docs.python-cerberus.org, Accessed: 06.11.2016},
	Url = {http://docs.python-cerberus.org},
	year = {2012}
}

@misc
{
    OpenAPII,
    title = {Open API Initiative},
    author = {Open API Initiative},
	note = {https://www.openapis.org/, Accessed: 06.11.2016},
	Url = {https://www.openapis.org/},
	year = {2012}
}

@misc
{
    NEWTONSOFT,
    title = {JSON Schema validator},
    author = {Newtonsoft},
	note = {http://www.newtonsoft.com/jsonschema, Accessed: 06.11.2016},
	Url = {http://www.newtonsoft.com/jsonschema},
	year = {2016}
}
